@INPROCEEDINGS{Knutsson1993,
author={H. Knutsson and C. F. Westin},
booktitle={Proceedings of IEEE Conference on Computer Vision and Pattern Recognition},
title={Normalized and differential convolution},
year={1993},
pages={515-523},
keywords={image processing;applicability function;noise tolerance;normalized convolution;normalized differential convolution;operator localization;operator windowing;selectivity;signal/certainty-philosophy;spatially limited operators;temporally limited operators;Computer vision;Convolution;Filtering;Information analysis;Interpolation;Laboratories;Performance analysis;Signal analysis;Tensile stress;Vectors},
doi={10.1109/CVPR.1993.341081},
ISSN={1063-6919},
month={Jun},}

@ARTICLE{2016A&A...594A..13P,
   author = {{Planck Collaboration} and {Ade}, P.~A.~R. and {Aghanim}, N. and
	{Arnaud}, M. and {Ashdown}, M. and {Aumont}, J. and {Baccigalupi}, C. and
	{Banday}, A.~J. and {Barreiro}, R.~B. and {Bartlett}, J.~G. and et al.},
    title = "{Planck 2015 results. XIII. Cosmological parameters}",
  journal = {\aap},
archivePrefix = "arXiv",
   eprint = {1502.01589},
 keywords = {cosmology: observations, cosmology: theory, cosmic background radiation, cosmological parameters},
     year = 2016,
    month = sep,
   volume = 594,
      eid = {A13},
    pages = {A13},
      doi = {10.1051/0004-6361/201525830},
   adsurl = {http://adsabs.harvard.edu/abs/2016A%26A...594A..13P},
  adsnote = {Provided by the SAO/NASA Astrophysics Data System}
}


@article{astropy,
	Author = {{Astropy Collaboration} and {Robitaille}, T.~P. and {Tollerud}, E.~J. and {Greenfield}, P. and {Droettboom}, M. and {Bray}, E. and {Aldcroft}, T. and {Davis}, M. and {Ginsburg}, A. and {Price-Whelan}, A.~M. and {Kerzendorf}, W.~E. and {Conley}, A. and {Crighton}, N. and {Barbary}, K. and {Muna}, D. and {Ferguson}, H. and {Grollier}, F. and {Parikh}, M.~M. and {Nair}, P.~H. and {Unther}, H.~M. and {Deil}, C. and {Woillez}, J. and {Conseil}, S. and {Kramer}, R. and {Turner}, J.~E.~H. and {Singer}, L. and {Fox}, R. and {Weaver}, B.~A. and {Zabalza}, V. and {Edwards}, Z.~I. and {Azalee Bostroem}, K. and {Burke}, D.~J. and {Casey}, A.~R. and {Crawford}, S.~M. and {Dencheva}, N. and {Ely}, J. and {Jenness}, T. and {Labrie}, K. and {Lim}, P.~L. and {Pierfederici}, F. and {Pontzen}, A. and {Ptak}, A. and {Refsdal}, B. and {Servillat}, M. and {Streicher}, O.},
	Journal = {\aap},
	Month = oct,
	Pages = {A33},
	Title = {{Astropy: A community Python package for astronomy}},
	Volume = 558,
	Year = 2013,
archivePrefix = "arXiv",
   eprint = {1307.6212},
 primaryClass = "astro-ph.IM",
 keywords = {methods: data analysis, methods: miscellaneous, virtual observatory tools},
      eid = {A33},
      doi = {10.1051/0004-6361/201322068},
   adsurl = {http://esoads.eso.org/abs/2013A%26A...558A..33A},
  adsnote = {Provided by the SAO/NASA Astrophysics Data System}
}

@article{numpy,
  Author = {{Van der Walt}, {Stefan} and Colbert, S. Chris and Varoquaux, Gael},
  Date-Added = {2017-05-30 18:01:17 +0000},
  Date-Modified = {2017-05-30 18:01:17 +0000},
  Doi = {http://dx.doi.org/10.1109/MCSE.2011.37},
  Journal = {{Computing in Science \& Engineering}},
  Number = {2},
  Pages = {22-30},
  Title = {The NumPy Array: A Structure for Efficient Numerical Computation},
  Url = {http://scitation.aip.org/content/aip/journal/cise/13/2/10.1109/MCSE.2011.37},
  Volume = {13},
  Year = {2011},
  Bdsk-Url-1 = {http://scitation.aip.org/content/aip/journal/cise/13/2/10.1109/MCSE.2011.37},
  Bdsk-Url-2 = {http://dx.doi.org/10.1109/MCSE.2011.37}}

@Article{matplotlib,
  Author    = {Hunter, J. D.},
  Title     = {Matplotlib: A 2D graphics environment},
  Journal   = {Computing In Science \& Engineering},
  Volume    = {9},
  Number    = {3},
  Pages     = {90--95},
  abstract  = {Matplotlib is a 2D graphics package used for Python
  for application development, interactive scripting, and
  publication-quality image generation across user
  interfaces and operating systems.},
  publisher = {IEEE COMPUTER SOC},
  doi = {10.1109/MCSE.2007.55},
  year      = 2007
}

@InProceedings{pandas,
  author    = { Wes McKinney },
  title     = { Data Structures for Statistical Computing in Python },
  booktitle = { Proceedings of the 9th Python in Science Conference },
  pages     = { 51 - 56 },
  year      = { 2010 },
  editor    = { St\'efan van der Walt and Jarrod Millman }
}

@Book{Rybicki1979,
  Author = {Rybicki, G. B. and Lightman, A. P.},
  Title = {Radiative Processes in Astrophysics},
  year = 1979,
  publisher = {Wiley},
  address = {New York, NY}
}

@INPROCEEDINGS{IRAF,
  author = {{Tody}, D.},
  title = "{IRAF in the Nineties}",
  booktitle = {Astronomical Data Analysis Software and Systems II},
  year = 1993,
  series = {Astronomical Society of the Pacific Conference Series},
  volume = 52, editor = {{Hanisch}, R.~J. and {Brissenden}, R.~J.~V. and {Barnes}, J.},
  month = jan,
  pages = {173},
  adsurl = {http://adsabs.harvard.edu/abs/1993ASPC...52..173T}, adsnote = {Provided by the SAO/NASA Astrophysics Data System}
}

@INPROCEEDINGS{MIDAS,
   author = {{Banse}, K. and {Ponz}, D. and {Ounnas}, C. and {Grosbol}, P. and
	{Warmels}, R.},
    title = "{The MIDAS Image Processing System}",
booktitle = {Instrumentation for Ground-Based Optical Astronomy},
     year = 1988,
   editor = {{Robinson}, L.~B.},
    pages = {431},
   adsurl = {http://adsabs.harvard.edu/abs/1988igbo.conf..431B},
  adsnote = {Provided by the SAO/NASA Astrophysics Data System}
}

@INPROCEEDINGS{ds9,
   author = {{Joye}, W.~A. and {Mandel}, E.},
    title = "{New Features of SAOImage DS9}",
booktitle = {Astronomical Data Analysis Software and Systems XII},
     year = 2003,
   series = {Astronomical Society of the Pacific Conference Series},
   volume = 295,
   editor = {{Payne}, H.~E. and {Jedrzejewski}, R.~I. and {Hook}, R.~N.},
    pages = {489},
   adsurl = {http://adsabs.harvard.edu/abs/2003ASPC..295..489J},
  adsnote = {Provided by the SAO/NASA Astrophysics Data System}
}

@inproceedings{seabold2010statsmodels,
  title={Statsmodels: Econometric and statistical modeling with python},
  author={Seabold, Skipper and Perktold, Josef},
  booktitle={9th Python in Science Conference},
  year={2010},
}

@Misc{scipy,
  author =    {Eric Jones and Travis Oliphant and Pearu Peterson and others},
  title =     {{SciPy}: Open source scientific tools for {Python}},
  year =      {2001--},
  url = "http://www.scipy.org/",
  note = {[Online; accessed 2017-10-23]}
}

@ARTICLE{cython,
    author={Behnel, S. and Bradshaw, R. and Citro, C. and Dalcin, L. and Seljebotn, D.S. and Smith, K.},
    journal={Computing in Science Engineering},
    title={Cython: The Best of Both Worlds},
    year={2011},
    month={march-april},
    volume={13},
    number={2},
    pages={31 -39},
    keywords={Cython language;Fortran code;Python language extension;numerical loops;programming language;C language;numerical analysis;},
    doi={10.1109/MCSE.2010.118},
    ISSN={1521-9615},
}

@article{erfa,
  title={liberfa/erfa: v1.4.0},
  DOI={10.5281/zenodo.1021149},
  publisher={Zenodo},
  author={Erik Tollerud and Sergio Pascual and Prasanth Nair and Julien Woillez and Tim Jenness and Ole Streicher and Michael Droettboom},
  year={2017},
  month={Jun}
}

@ARTICLE{sofa,
   author = {{Hohenkerk}, C.},
    title = "{Standards of Fundamental Astronomy}",
  journal = {Scholarpedia},
     year = 2011,
   volume = 6,
    pages = {11404},
      doi = {10.4249/scholarpedia.11404},
   adsurl = {http://adsabs.harvard.edu/abs/2011SchpJ...611404H},
  adsnote = {Provided by the SAO/NASA Astrophysics Data System}
}

@ARTICLE{FITS,
   author = {{Pence}, W.~D. and {Chiappetti}, L. and {Page}, C.~G. and {Shaw}, R.~A. and
  {Stobie}, E.},
    title = "{Definition of the Flexible Image Transport System (FITS), version 3.0}",
  journal = {\aap},
 keywords = {instrumentation: miscellaneous, methods: miscellaneous, techniques: miscellaneous, reference systems, standards, astronomical databases: miscellaneous},
     year = 2010,
    month = dec,
   volume = 524,
      eid = {A42},
    pages = {A42},
      doi = {10.1051/0004-6361/201015362},
   adsurl = {http://adsabs.harvard.edu/abs/2010A%26A...524A..42P},
  adsnote = {Provided by the SAO/NASA Astrophysics Data System}
}

@INPROCEEDINGS{PyFITS,
   author = {{Barrett}, P.~E. and {Bridgman}, W.~T.},
    title = "{PyFITS, a FITS Module for Python}",
booktitle = {Astronomical Data Analysis Software and Systems VIII},
     year = 1999,
   series = {Astronomical Society of the Pacific Conference Series},
   volume = 172,
   editor = {{Mehringer}, D.~M. and {Plante}, R.~L. and {Roberts}, D.~A.},
    pages = {483},
   adsurl = {http://adsabs.harvard.edu/abs/1999ASPC..172..483B},
  adsnote = {Provided by the SAO/NASA Astrophysics Data System}
}

@ARTICLE{Lupton2004,
   author = {{Lupton}, R. and {Blanton}, M.~R. and {Fekete}, G. and {Hogg}, D.~W. and
	{O'Mullane}, W. and {Szalay}, A. and {Wherry}, N.},
    title = "{Preparing Red-Green-Blue Images from CCD Data}",
  journal = {\pasp},
   eprint = {astro-ph/0312483},
 keywords = {Techniques: Image Processing, Techniques: Photometric},
     year = 2004,
    month = feb,
   volume = 116,
    pages = {133-137},
      doi = {10.1086/382245},
   adsurl = {http://adsabs.harvard.edu/abs/2004PASP..116..133L},
  adsnote = {Provided by the SAO/NASA Astrophysics Data System}
}

@ARTICLE{Beers1990,
   author = {{Beers}, T.~C. and {Flynn}, K. and {Gebhardt}, K.},
    title = "{Measures of location and scale for velocities in clusters of galaxies - A robust approach}",
  journal = {\aj},
 keywords = {Galactic Clusters, Position (Location), Radial Velocity, Robustness (Mathematics), Astronomical Coordinates, Normal Density Functions, Velocity Distribution},
     year = 1990,
    month = jul,
   volume = 100,
    pages = {32-46},
      doi = {10.1086/115487},
   adsurl = {http://adsabs.harvard.edu/abs/1990AJ....100...32B},
  adsnote = {Provided by the SAO/NASA Astrophysics Data System}
}


@MISC{aplpy,
   author = {{Robitaille}, T. and {Bressert}, E.},
    title = "{APLpy: Astronomical Plotting Library in Python}",
 keywords = {Software},
howpublished = {Astrophysics Source Code Library},
     year = 2012,
    month = aug,
archivePrefix = "ascl",
   eprint = {1208.017},
   adsurl = {http://adsabs.harvard.edu/abs/2012ascl.soft08017R},
  adsnote = {Provided by the SAO/NASA Astrophysics Data System}
}


@INPROCEEDINGS{Jennes2016,
   author = {{Jenness}, T. and {Bosch}, J. and {Owen}, R. and {Parejko}, J. and
	{Sick}, J. and {Swinbank}, J. and {de Val-Borro}, M. and {Dubois-Felsmann}, G. and
	{Lim}, K.-T. and {Lupton}, R.~H. and {Schellart}, P. and {Krughoff}, K.~S. and
	{Tollerud}, E.~J.},
    title = "{Investigating interoperability of the LSST data management software stack with Astropy}",
booktitle = {Software and Cyberinfrastructure for Astronomy IV},
     year = 2016,
   series = {\procspie},
   volume = 9913,
    month = jul,
      eid = {99130G},
    pages = {99130G},
      doi = {10.1117/12.2231313},
   adsurl = {http://adsabs.harvard.edu/abs/2016SPIE.9913E..0GJ},
  adsnote = {Provided by the SAO/NASA Astrophysics Data System}
}

@ARTICLE{cygnusx,
   author = {{Beerer}, I.~M. and {Koenig}, X.~P. and {Hora}, J.~L. and {Gutermuth}, R.~A. and
	{Bontemps}, S. and {Megeath}, S.~T. and {Schneider}, N. and
	{Motte}, F. and {Carey}, S. and {Simon}, R. and {Keto}, E. and
	{Smith}, H.~A. and {Allen}, L.~E. and {Fazio}, G.~G. and {Kraemer}, K.~E. and
	{Price}, S. and {Mizuno}, D. and {Adams}, J.~D. and {Hern{\'a}ndez}, J. and
	{Lucas}, P.~W.},
    title = "{A Spitzer View of Star Formation in the Cygnus X North Complex}",
  journal = {\apj},
archivePrefix = "arXiv",
   eprint = {1007.2112},
 primaryClass = "astro-ph.SR",
 keywords = {infrared: stars, H II regions, stars: early-type, stars: formation, stars: pre-main sequence},
     year = 2010,
    month = sep,
   volume = 720,
    pages = {679-693},
      doi = {10.1088/0004-637X/720/1/679},
   adsurl = {http://adsabs.harvard.edu/abs/2010ApJ...720..679B},
  adsnote = {Provided by the SAO/NASA Astrophysics Data System}
}

@article{Lomb76,
   author = {{Lomb}, N.~R.},
    title = {Least-squares frequency analysis of unequally spaced data},
  journal = {\apss},
 keywords = {ASTRONOMY, DATA REDUCTION, LEAST SQUARES METHOD, BACKGROUND NOISE, POWER SPECTRA, SINE WAVES, SPECTRUM ANALYSIS, STATISTICAL ANALYSIS, VARIABLE STARS},
     year = 1976,
    monthX = feb,
   volume = 39,
    pages = {447-462},
      doi = {10.1007/BF00648343},
   adsurl = {http://adsabs.harvard.edu/abs/1976Ap%26SS..39..447L},
  adsnote = {Provided by the SAO/NASA Astrophysics Data System}
}

@article{Scargle82,
   author = {{Scargle}, J.~D.},
    title = {Studies in astronomical time series analysis. {II} -- {S}tatistical aspects of spectral analysis of unevenly spaced data},
  journal = {\apj},
 keywords = {ASTRONOMY, SIGNAL DETECTION, SPECTRUM ANALYSIS, STATISTICAL DISTRIBUTIONS, TIME SERIES ANALYSIS, FOURIER TRANSFORMATION, FREQUENCY RESPONSE, POWER SPECTRA, SIGNAL TO NOISE RATIOS},
     year = 1982,
    monthX = dec,
   volume = 263,
    pages = {835-853},
      doi = {10.1086/160554},
   adsurl = {http://adsabs.harvard.edu/abs/1982ApJ...263..835S},
  adsnote = {Provided by the SAO/NASA Astrophysics Data System}
}

@article{Zechmeister09,
   author = {{Zechmeister}, M. and {K{\"u}rster}, M.},
    title = {The generalised {L}omb-{S}cargle periodogram. {A} new formalism for the floating-mean and {K}eplerian periodograms},
  journal = {\aap},
archivePrefix = "arXiv",
   eprint = {0901.2573},
 primaryClass = "astro-ph.IM",
 keywords = {methods: data analysis, methods: analytical, methods: statistical, techniques: radial velocities},
     year = 2009,
    monthX = mar,
   volume = 496,
    pages = {577-584},
      doi = {10.1051/0004-6361:200811296},
   adsurl = {http://adsabs.harvard.edu/abs/2009A%26A...496..577Z},
  adsnote = {Provided by the SAO/NASA Astrophysics Data System}
}

@article{Palmer09,
   author = {{Palmer}, D.~M.},
    title = "{A Fast Chi-Squared Technique for Period Search of Irregularly Sampled Data}",
  journal = {\apj},
archivePrefix = "arXiv",
   eprint = {0901.1913},
 primaryClass = "physics.data-an",
 keywords = {methods: data analysis, methods: numerical, methods: statistical, stars: oscillations},
     year = 2009,
    month = apr,
   volume = 695,
    pages = {496-502},
      doi = {10.1088/0004-637X/695/1/496},
   adsurl = {http://adsabs.harvard.edu/abs/2009ApJ...695..496P},
  adsnote = {Provided by the SAO/NASA Astrophysics Data System}
}

@ARTICLE{Press89,
   author = {{Press}, W.~H. and {Rybicki}, G.~B.},
    title = "{Fast algorithm for spectral analysis of unevenly sampled data}",
  journal = {\apj},
 keywords = {Algorithms, Data Sampling, Fast Fourier Transformations, Spectrum Analysis, Computer Programs, Fortran},
     year = 1989,
    month = mar,
   volume = 338,
    pages = {277-280},
      doi = {10.1086/167197},
   adsurl = {http://adsabs.harvard.edu/abs/1989ApJ...338..277P},
  adsnote = {Provided by the SAO/NASA Astrophysics Data System}
}

@INBOOK{Bretthorst2003,
   author = {{Bretthorst}, G.~L.},
    title = "{Frequency estimation and generalized Lomb-Scargle periodograms}",
 keywords = {Frequency Estimation, Periodograms},
booktitle = {Statistical Challenges in Astronomy},
     year = 2003,
   editor = {{Feigelson}, E.~D. and {Babu}, G.~J.},
    pages = {309-329},
   adsurl = {http://adsabs.harvard.edu/abs/2003sca..book..309B},
  adsnote = {Provided by the SAO/NASA Astrophysics Data System}
}

@INPROCEEDINGS{astroML,
 author={{VanderPlas}, J.T. and {Connolly}, A.J.
         and {Ivezi{\'c}}, {\v Z}. and {Gray}, A.},
 booktitle={Conference on Intelligent Data Understanding (CIDU)},
 title={Introduction to astroML: Machine learning for astrophysics},
 month={oct.},
 pages={47 -54},
 doi={10.1109/CIDU.2012.6382200},
 year={2012}
}

@article{VanderPlas2015,
   author = {{VanderPlas}, J.~T. and {Ivezic}, Z.},
    title = "{Periodograms for Multiband Astronomical Time Series}",
  journal = {ArXiv e-prints},
archivePrefix = "arXiv",
   eprint = {1502.01344},
 primaryClass = "astro-ph.IM",
 keywords = {Astrophysics - Instrumentation and Methods for Astrophysics},
     year = 2015,
    month = feb,
   adsurl = {http://adsabs.harvard.edu/abs/2015arXiv150201344V},
  adsnote = {Provided by the SAO/NASA Astrophysics Data System}
}

@ARTICLE{VanderPlas2018,
   author = {{VanderPlas}, J.},
    title = "{Understanding the Lomb-Scargle Periodogram}",
  journal = {\apjs, in press},
archivePrefix = "arXiv",
   eprint = {1703.09824},
 primaryClass = "astro-ph.IM",
 keywords = {Astrophysics - Instrumentation and Methods for Astrophysics},
     year = 2018,
   adsurl = {http://adsabs.harvard.edu/abs/2017arXiv170309824V},
  adsnote = {Provided by the SAO/NASA Astrophysics Data System}
}

@ARTICLE{Scargle2013,
   author = {{Scargle}, J.~D. and {Norris}, J.~P. and {Jackson}, B. and {Chiang}, J.
	},
    title = "{Studies in Astronomical Time Series Analysis. VI. Bayesian Block Representations}",
  journal = {\apj},
archivePrefix = "arXiv",
   eprint = {1207.5578},
 primaryClass = "astro-ph.IM",
 keywords = {methods: data analysis, methods: statistical },
     year = 2013,
    month = feb,
   volume = 764,
      eid = {167},
    pages = {167},
      doi = {10.1088/0004-637X/764/2/167},
   adsurl = {http://adsabs.harvard.edu/abs/2013ApJ...764..167S},
  adsnote = {Provided by the SAO/NASA Astrophysics Data System}
}

@book{JammalamadakaSengupta,
    author = {Jammalamadaka, S. Rao and Sengupta, A.},
    day = {15},
    howpublished = {Hardcover},
    isbn = {9810237782},
    keywords = {circular\_stats, statistics},
    month = mar,
    publisher = {World Scientific Pub Co Inc},
    title = {Topics in Circular Statistics},
    year = {2001}
}

@ARTICLE{Wilkie83,
    author = {D. Wilkie},
    title = {Rayleigh Test for Randomness of Circular Data},
    journal = {Applied Statistics},
    year = {1983}
}

@article{codata2014,
  title = {CODATA recommended values of the fundamental physical constants: 2014},
  author = {Mohr, Peter J. and Newell, David B. and Taylor, Barry N.},
  journal = {Rev. Mod. Phys.},
  volume = {88},
  issue = {3},
  pages = {035009},
  numpages = {73},
  year = {2016},
  month = {Sep},
  publisher = {American Physical Society},
  doi = {10.1103/RevModPhys.88.035009},
  url = {https://link.aps.org/doi/10.1103/RevModPhys.88.035009}
}

@ARTICLE{starlink1982,
   author = {{Disney}, M.~J. and {Wallace}, P.~T.},
    title = "{STARLINK}",
  journal = {\qjras},
     year = 1982,
    month = dec,
   volume = 23,
    pages = {485},
   adsurl = {http://adsabs.harvard.edu/abs/1982QJRAS..23..485D},
  adsnote = {Provided by the SAO/NASA Astrophysics Data System}
}

@INPROCEEDINGS{starlink2013,
   author = {{Currie}, M.~J. and {Berry}, D.~S. and {Jenness}, T. and {Gibb}, A.~G. and
  {Bell}, G.~S. and {Draper}, P.~W.},
    title = "{Starlink Software in 2013}",
booktitle = {Astronomical Data Analysis Software and Systems XXIII},
     year = 2014,
   series = {Astronomical Society of the Pacific Conference Series},
   volume = 485,
   editor = {{Manset}, N. and {Forshay}, P.},
    month = may,
    pages = {391},
   adsurl = {http://adsabs.harvard.edu/abs/2014ASPC..485..391C},
  adsnote = {Provided by the SAO/NASA Astrophysics Data System}
}

@ARTICLE{yt,
   author = {{Turk}, M.~J. and {Smith}, B.~D. and {Oishi}, J.~S. and {Skory}, S. and
  {Skillman}, S.~W. and {Abel}, T. and {Norman}, M.~L.},
    title = "{yt: A Multi-code Analysis Toolkit for Astrophysical Simulation Data}",
  journal = {\apjs},
archivePrefix = "arXiv",
   eprint = {1011.3514},
 primaryClass = "astro-ph.IM",
 keywords = {cosmology: theory, methods: data analysis, methods: numerical},
     year = 2011,
    month = jan,
   volume = 192,
      eid = {9},
    pages = {9},
      doi = {10.1088/0067-0049/192/1/9},
   adsurl = {http://adsabs.harvard.edu/abs/2011ApJS..192....9T},
  adsnote = {Provided by the SAO/NASA Astrophysics Data System}
}


% Affiliated packages:
@ARTICLE{astroscrappy,
   author = {{van Dokkum}, P.~G.},
    title = "{Cosmic-Ray Rejection by Laplacian Edge Detection}",
  journal = {\pasp},
   eprint = {astro-ph/0108003},
 keywords = {Instrumentation: Detectors, Methods: Data Analysis-techniques: image processing},
     year = 2001,
    month = nov,
   volume = 113,
    pages = {1420-1427},
      doi = {10.1086/323894},
   adsurl = {http://adsabs.harvard.edu/abs/2001PASP..113.1420V},
  adsnote = {Provided by the SAO/NASA Astrophysics Data System}
}

# IOP bibtex as it's not yet updated in ADS
@article{astroplan,
  author={Brett M. Morris and Erik Tollerud and Brigitta Sip\H{o}cz and Christoph Deil and Stephanie T. Douglas and Jazmin Berlanga
Medina and Karl Vyhmeister and Toby R. Smith and Stuart Littlefair and Adrian M. Price-Whelan and Wilfred T. Gee and Eric
Jeschke},
  title={astroplan: An Open Source Observation Planning Package in Python},
  journal={The Astronomical Journal},
  volume={155},
  number={3},
  pages={128},
  url={http://stacks.iop.org/1538-3881/155/i=3/a=128},
  year={2018},
}


@misc{astroquery,
  author       = {Adam Ginsburg and
                  Brigitta Sipocz and
                  Madhura Parikh and
                  Julien Woillez and
                  Austen Groener and
                  Simon Liedtke and
                  Thomas Robitaille and
                  Christoph Deil and
                  jcsegovia and
                  Henrik Norman and
                  Brian Svoboda and
                  Erik Tollerud and
                  Magnus Vilhelm Persson and
                  adamginsburg and
                  Loïc Séguin-Charbonneau and
                  Caden Armstrong and
                  Jordan Mirocha and
                  Miguel de Val-Borro and
                  C. E. Brasseur and
                  Ayush Yadav and
                  Michael Droettboom and
                  Fred Moolekamp and
                  Michael Seifert and
                  james-allen and
                  Azalee Bostroem and
                  Ricky Egeland and
                  Evert Rol and
                  Leo Singer and
                  Kyle Barbary and
                  Frédéric Grollier},
  title        = {astropy/astroquery: v0.3.6 with fixed license},
  month        = jul,
  year         = 2017,
  doi          = {10.5281/zenodo.826911},
  url          = {https://doi.org/10.5281/zenodo.826911}
}

@MISC{ccdproc,
   author = {{Craig}, M.~W. and {Crawford}, S.~M. and {Deil}, C. and {Gomez}, C. and
  {G{\"u}nther}, H.~M. and {Heidt}, N. and {Horton}, A. and {Karr}, J. and
  {Nelson}, S. and {Ninan}, J.~P. and {Pattnaik}, P. and {Rol}, E. and
  {Schoenell}, W. and {Seifert}, M. and {Singh}, S. and {Sipocz}, B. and
  {Stotts}, C. and {Streicher}, O. and {Tollerud}, E. and {Walker}, N. and
  {ccdproc Contributors}},
    title = "{ccdproc: CCD data reduction software}",
 keywords = {Software},
howpublished = {Astrophysics Source Code Library},
     year = 2015,
    month = oct,
archivePrefix = "ascl",
   eprint = {1510.007},
   adsurl = {http://adsabs.harvard.edu/abs/2015ascl.soft10007C},
  adsnote = {Provided by the SAO/NASA Astrophysics Data System}
}

@misc{clusterlensing,
  author       = {Jes Ford},
  title        = {cluster-lensing: v0.1.2},
  month        = may,
  year         = 2016,
  doi          = {10.5281/zenodo.51370},
  url          = {http://dx.doi.org/10.5281/zenodo.51370},
  publisher    = {Zenodo}
}

@article{gala,
  doi = {10.21105/joss.00388},
  url = {https://doi.org/10.21105%2Fjoss.00388},
  year = 2017,
  month = {oct},
  publisher = {The Open Journal},
  volume = {2},
  number = {18},
  author = {Adrian M. Price-Whelan},
  title = {Gala: A Python package for galactic dynamics},
  journal = {The Journal of Open Source Software}
}

@ARTICLE{galpy,
   author = {{Bovy}, J.},
    title = "{galpy: A python Library for Galactic Dynamics}",
  journal = {\apjs},
archivePrefix = "arXiv",
   eprint = {1412.3451},
 keywords = {galaxies: general, galaxies: kinematics and dynamics, Galaxy: fundamental parameters },
     year = 2015,
    month = feb,
   volume = 216,
      eid = {29},
    pages = {29},
      doi = {10.1088/0067-0049/216/2/29},
   adsurl = {http://adsabs.harvard.edu/abs/2015ApJS..216...29B},
  adsnote = {Provided by the SAO/NASA Astrophysics Data System}
}

@ARTICLE{gammapy,
   author = {{Deil}, C. and {Zanin}, R. and {Lefaucheur}, J. and {Boisson}, C. and
  {Kh{\'e}lifi}, B. and {Terrier}, R. and {Wood}, M. and {Mohrmann}, L. and
  {Chakraborty}, N. and {Watson}, J. and {L{\'o}pez Coto}, R. and
  {Klepser}, S. and {Cerruti}, M. and {Lenain}, J.-P. and {Acero}, F. and
  {Djannati-Ata{\"i}}, A. and {Pita}, S. and {Bosnjak}, Z. and
  {Ruiz}, J.~E. and {Trichard}, C. and {Vuillaume}, T. and {CTA Consortium}, f.~t. and
  {Donath}, A. and {King}, J. and {Jouvin}, L. and {Owen}, E. and
  {Arribas}, M.~P. and {Sipocz}, B. and {Lennarz}, D. and {Voruganti}, A. and
  {Spir-Jacob}, M.},
    title = "{Gammapy - A prototype for the CTA science tools}",
  journal = {ArXiv e-prints},
archivePrefix = "arXiv",
   eprint = {1709.01751},
 primaryClass = "astro-ph.IM",
 keywords = {Astrophysics - Instrumentation and Methods for Astrophysics},
     year = 2017,
    month = sep,
   adsurl = {http://adsabs.harvard.edu/abs/2017arXiv170901751D},
  adsnote = {Provided by the SAO/NASA Astrophysics Data System}
}

@misc{glue,
  author       = {Beaumont, Chris and
                  Robitaille, Thomas and
                  Borkin, Michelle and
                  Goodman, Alyssa},
  title        = {glueviz v0.4: multidimensional data exploration},
  month        = dec,
  year         = 2014,
  doi          = {10.5281/zenodo.13866},
  url          = {https://doi.org/10.5281/zenodo.13866}
}

@ARTICLE{halotools,
   author = {{Hearin}, A.~P. and {Campbell}, D. and {Tollerud}, E. and {Behroozi}, P. and
  {Diemer}, B. and {Goldbaum}, N.~J. and {Jennings}, E. and {Leauthaud}, A. and
  {Mao}, Y.-Y. and {More}, S. and {Parejko}, J. and {Sinha}, M. and
  {Sip{\"o}cz}, B. and {Zentner}, A.},
    title = "{Forward Modeling of Large-scale Structure: An Open-source Approach with Halotools}",
  journal = {\aj},
archivePrefix = "arXiv",
   eprint = {1606.04106},
 primaryClass = "astro-ph.IM",
 keywords = {cosmology: theory, galaxies: halos, galaxies: statistics, large-scale structure of universe },
     year = 2017,
    month = nov,
   volume = 154,
      eid = {190},
    pages = {190},
      doi = {10.3847/1538-3881/aa859f},
   adsurl = {http://adsabs.harvard.edu/abs/2017AJ....154..190H},
  adsnote = {Provided by the SAO/NASA Astrophysics Data System}
}

@ARTICLE{iau2015b3,
   author = {{Mamajek}, E.~E. and {Prsa}, A. and {Torres}, G. and {Harmanec}, P. and
	{Asplund}, M. and {Bennett}, P.~D. and {Capitaine}, N. and {Christensen-Dalsgaard}, J. and
	{Depagne}, E. and {Folkner}, W.~M. and {Haberreiter}, M. and
	{Hekker}, S. and {Hilton}, J.~L. and {Kostov}, V. and {Kurtz}, D.~W. and
	{Laskar}, J. and {Mason}, B.~D. and {Milone}, E.~F. and {Montgomery}, M.~M. and
	{Richards}, M.~T. and {Schou}, J. and {Stewart}, S.~G.},
    title = "{IAU 2015 Resolution B3 on Recommended Nominal Conversion Constants for Selected Solar and Planetary Properties}",
  journal = {ArXiv e-prints},
archivePrefix = "arXiv",
   eprint = {1510.07674},
 primaryClass = "astro-ph.SR",
 keywords = {Astrophysics - Solar and Stellar Astrophysics, Astrophysics - Earth and Planetary Astrophysics, Astrophysics - Astrophysics of Galaxies, Astrophysics - High Energy Astrophysical Phenomena, Astrophysics - Instrumentation and Methods for Astrophysics},
     year = 2015,
    month = oct,
   adsurl = {http://adsabs.harvard.edu/abs/2015arXiv151007674M},
  adsnote = {Provided by the SAO/NASA Astrophysics Data System}
}

@ARTICLE{naima,
   author = {{Zabalza}, V.},
    title = {naima: a Python package for inference of relativistic particle
             energy distributions from observed nonthermal spectra},
     year = 2015,
  journal = {Proc.~of International Cosmic Ray Conference 2015},
    pages = "922",
   eprint = {1509.03319},
   adsurl = {http://adsabs.harvard.edu/abs/2015arXiv150903319Z},
}

@misc{photutils,
  author       = {Larry Bradley and
                  Brigitta Sipocz and
                  Thomas Robitaille and
                  Zé Vinícius and
                  Erik Tollerud and
                  Christoph Deil and
                  Kyle Barbary and
                  Hans Moritz Günther and
                  Mihai Cara and
                  Ivo Busko and
                  Michael Droettboom and
                  Azalee Bostroem and
                  Erik Bray and
                  Lars Andersen Bratholm and
                  T. E. Pickering and
                  Matt Craig and
                  Geert Barentsen and
                  Sergio Pascual and
                  Simon Conseil and
                  adonath and
                  Johnny Greco and
                  Wolfgang Kerzendorf and
                  Miguel de Val-Borro and
                  StuartLittlefair and
                  Sara Ogaz and
                  P. L. Lim and
                  Leonardo Ferreira and
                  Francesco D'Eugenio and
                  Benjamin Alan Weaver},
  title        = {astropy/photutils: v0.4},
  month        = oct,
  year         = 2017,
  doi          = {10.5281/zenodo.1039309},
  url          = {https://doi.org/10.5281/zenodo.1039309}
}

@misc{sncosmo,
  author       = {Barbary, Kyle},
  title        = {sncosmo v0.4.2},
  month        = apr,
  year         = 2014,
  doi          = {10.5281/zenodo.11938},
  url          = {https://doi.org/10.5281/zenodo.11938}
}

@misc{spectralcube,
  author       = {Adam Ginsburg and
                  Thomas Robitaille and
                  Eric Koch and
                  Chris Beaumont and
                  adamginsburg and
                  John ZuHone and
                  Brigitta Sipocz and
                  P. L. Lim and
                  Craig Jones and
                  Erik Rosolowsky and
                  jrobbfed and
                  shuokong and
                  Amanda Kepley and
                  Vlas Sokolov and
                  The Gitter Badger and
                  Sebastien Maret and
                  Julián Garrido and
                  Joseph Booker and
                  Erik Tollerud},
  title        = {{radio-astro-tools/spectral-cube: Version 0.4.1
                   release}},
  month        = oct,
  year         = 2017,
  doi          = {10.5281/zenodo.1013994},
  url          = {https://doi.org/10.5281/zenodo.1013994}
}

@misc{ginga,
  author       = {ejeschke and
                  P. L. Lim and
                  Rajul and
                  Rupak and
                  Erik Tollerud and
                  Stuart Mumford and
                  Christoph Deil and
                  Brigitta Sipocz and
                  Sourabh Cheedella and
                  Thomas Robitaille and
                  Sergio Pascual and
                  Chris Beaumont and
                  Sandra and
                  Raj Karamchedu and
                  Joe Catera and
                  J. Xavier Prochaska and
                  Ole Streicher and
                  Jonathan Eisenhamer and
                  Nabil Freij and
                  Miguel de Val-Borro and
                  Megan Sosey and
                  Christine Chang and
                  Austin Beauchamp and
                  Justin Kunimune and
                  Peter Teuben and
                  Michael Kelley and
                  matthewbakerthompson and
                  Matt Craig and
                  Henry Ferguson},
  title        = {ejeschke/ginga: Ginga v2.6.6},
  month        = nov,
  year         = 2017,
  doi          = {10.5281/zenodo.1040969},
  url          = {https://doi.org/10.5281/zenodo.1040969}
}

@misc{gwcs,
  author       = {Nadia Dencheva and
                  Brigitta Sipocz and
                  Craig Jones and
                  P. L. Lim and
                  Bernie Simon and
                  Christoph Deil and
                  Miguel de Val-Borro and
                  Michael Droettboom and
                  Joseph Hunkeler and
                  James Davies and
                  Erik Tollerud},
  title        = {spacetelescope/gwcs: GWCS v0.8.0},
  month        = nov,
  year         = 2017,
  doi          = {10.5281/zenodo.1041790},
  url          = {https://doi.org/10.5281/zenodo.1041790}
}

@misc{pydl,
 author = {Benjamin Alan Weaver and
           Kyle Barbary and
           Larry Bradley and
           Matt Craig and
           Christoph Deil and
           Mike DiPompeo and
           Duncan Macleod and
           Demitri Muna and
           Thomas Robitaille and
           Brigitta Sipocz and
           Erik Tollerud and
           Kyle Westfall},
  title = {weaverba137/pydl: PyDL v0.6.0},
  month = sep,
   year = 2017,
    doi = {10.5281/zenodo.1095151},
    url = {https://doi.org/10.5281/zenodo.1095151}
}

@INPROCEEDINGS{pythoncpl,
   author = {{Streicher}, O. and {Weilbacher}, P.~M.},
    title = "{Python Bindings for the Common Pipeline Library}",
booktitle = {Astronomical Data Analysis Software and Systems XXI},
     year = 2012,
   series = {Astronomical Society of the Pacific Conference Series},
   volume = 461,
   editor = {{Ballester}, P. and {Egret}, D. and {Lorente}, N.~P.~F.},
    month = sep,
    pages = {853},
   adsurl = {http://adsabs.harvard.edu/abs/2012ASPC..461..853S},
  adsnote = {Provided by the SAO/NASA Astrophysics Data System}
}

@misc{imexam,
  author       = {Sosey, Megan},
  title        = {imexam version 0.8.0 release},
  month        = nov,
  year         = 2017,
  doi          = {10.5281/zenodo.1042809},
  url          = {https://doi.org/10.5281/zenodo.1042809}
}

% APES:

@manual{ape1,
  title        = {{Astropy Proposal for Enhancement 1: APE Purpose
                   and Process (APE 1)}},
  author       = {Greenfield, Perry},
  month        = nov,
  year         = 2013,
  doi          = {10.5281/zenodo.1043886},
  url          = {https://doi.org/10.5281/zenodo.1043886}
}

@manual{ape2,
  title        = {{Astropy Proposal for Enhancement 2: Astropy
                   Release Cycle and Version Numbering (APE 2)}},
  author       = {Tollerud, Erik},
  month        = dec,
  year         = 2013,
  doi          = {10.5281/zenodo.1043888},
  url          = {https://doi.org/10.5281/zenodo.1043888}
}

@misc{ape5,
  author       = {Tollerud, Erik and
                  Price-Whelan, Adrian and
                  Aldcroft, Tom and
                  Robitaille, Thomas},
  title        = {{Astropy Proposal for Enhancement 5: Coordinates
                   Subpackage Plan (APE 5)}},
  month        = mar,
  year         = 2014,
  doi          = {10.5281/zenodo.1043897},
  url          = {https://doi.org/10.5281/zenodo.1043897}
}

@manual{ape6,
  title        = {{Astropy Proposal for Enhancement 6: Enhanced
                   Character Separated Values table format (APE 6)}},
  author       = {Aldcroft, Tom},
  month        = jan,
  year         = 2015,
  doi          = {10.5281/zenodo.1043901},
  url          = {https://doi.org/10.5281/zenodo.1043901}
}

@manual{ape8,
  title        = {{Astropy Proposal for Enhancement 8: Astropy
                   Community Code of Conduct (APE 8)}},
  author       = {Cruz, Kelle and
                  Hagen, Alex and
                  Robitaille, Thomas and
                  Tollerud, Erik and
                  Villaume, Alexa},
  month        = may,
  year         = 2015,
  doi          = {10.5281/zenodo.1043913},
  url          = {https://doi.org/10.5281/zenodo.1043913}
}

@manual{ape10,
  title        = {{Astropy Proposal for Enhancement: Roadmap for
                   Python 3-only support (APE 10)}},
  author       = {Robitaille, Thomas},
  month        = may,
  year         = 2017,
  doi          = {10.5281/zenodo.1038587},
  url          = {https://doi.org/10.5281/zenodo.1038587}
}

@manual{ape13,
  title        = {{Vision for Astropy Spectroscopic Tools (APE 13)}},
  author       = {Crawford, Steven and
                  Earl, Nicholas and
                  Ginsburg, Adam and
                  Tollerud, Erik},
  month        = dec,
  year         = 2017,
  doi          = {10.5281/zenodo.1117943},
  url          = {https://doi.org/10.5281/zenodo.1117943}
}

% Missing ones:
% APE3
% APE4
% APE7
% APE9
% APE11
% APE12
% ...

% The following is the preferred citation for Kapteyn from:
% https://www.astro.rug.nl/software/kapteyn/license.html

@MANUAL{kapteyn,
   organization = "{Kapteyn Astronomical Institute}",
   author       = {{Terlouw}, J.~P. and {Vogelaar}, M.~G.~R.},
   title        = "{Kapteyn Package, version 2.3}",
   year         = 2015,
   month        = mar,
   address      = "Groningen",
   note         = "Available from \url{http://www.astro.rug.nl/software/kapteyn/}"
}

% The following is the preferred citation for NOVAS from:
% https://pypi.python.org/pypi/novas/

@INPROCEEDINGS{novas,
   author = {{Barron}, E.~G. and {Kaplan}, G.~H. and {Bangert}, J. and {Bartlett}, J.~L. and
	{Puatua}, W. and {Harris}, W. and {Barrett}, P.},
    title = "{Naval Observatory Vector Astrometry Software (NOVAS) Version 3.1, Introducing a Python Edition}",
booktitle = {American Astronomical Society Meeting Abstracts \#217},
     year = 2011,
   series = {Bulletin of the American Astronomical Society},
   volume = 43,
    month = jan,
      eid = {344.14},
    pages = {344.14},
   adsurl = {http://adsabs.harvard.edu/abs/2011AAS...21734414B},
  adsnote = {Provided by the SAO/NASA Astrophysics Data System}
}

% The following is the preferred citation for PAL/palpy from:
% https://github.com/Starlink/palpy/blob/master/README.rst

@INPROCEEDINGS{pal,
   author = {{Jenness}, T. and {Berry}, D.~S.},
    title = "{PAL: A Positional Astronomy Library}",
booktitle = {Astronomical Data Analysis Software and Systems XXII},
     year = 2013,
   series = {Astronomical Society of the Pacific Conference Series},
   volume = 475,
   editor = {{Friedel}, D.~N.},
    month = oct,
    pages = {307},
   adsurl = {http://adsabs.harvard.edu/abs/2013ASPC..475..307J},
  adsnote = {Provided by the SAO/NASA Astrophysics Data System}
}

% The following is the preferred citation for AST from:
% https://ascl.net/1404.016

@ARTICLE{ast,
   author = {{Berry}, D.~S. and {Warren-Smith}, R.~F. and {Jenness}, T.},
    title = "{AST: A library for modelling and manipulating coordinate systems}",
  journal = {Astronomy and Computing},
archivePrefix = "arXiv",
   eprint = {1602.06681},
 primaryClass = "astro-ph.IM",
 keywords = {World Coordinate Systems, Data models, Starlink},
     year = 2016,
    month = apr,
   volume = 15,
    pages = {33-49},
      doi = {10.1016/j.ascom.2016.02.003},
   adsurl = {http://adsabs.harvard.edu/abs/2016A%26C....15...33B},
  adsnote = {Provided by the SAO/NASA Astrophysics Data System}
}

% The following is the preferred citation for SLALIB from:
% https://ascl.net/1403.025

@INPROCEEDINGS{slalib,
   author = {{Wallace}, P.~T.},
    title = "{The SLALIB Library}",
booktitle = {Astronomical Data Analysis Software and Systems III},
     year = 1994,
   series = {Astronomical Society of the Pacific Conference Series},
   volume = 61,
   editor = {{Crabtree}, D.~R. and {Hanisch}, R.~J. and {Barnes}, J.},
    pages = {481},
   adsurl = {http://adsabs.harvard.edu/abs/1994ASPC...61..481W},
  adsnote = {Provided by the SAO/NASA Astrophysics Data System}
}

@MISC{pyephem,
   author = {{Rhodes}, B.~C.},
    title = "{PyEphem: Astronomical Ephemeris for Python}",
 keywords = {Software},
howpublished = {Astrophysics Source Code Library},
     year = 2011,
    month = dec,
archivePrefix = "ascl",
   eprint = {1112.014},
   adsurl = {http://adsabs.harvard.edu/abs/2011ascl.soft12014R},
  adsnote = {Provided by the SAO/NASA Astrophysics Data System}
}

@ARTICLE{marxs,
   author = {{G{\"u}nther}, H.~M. and {Frost}, J. and {Theriault-Shay}, A.
	},
    title = "{MARXS: A Modular Software to Ray-trace X-Ray Instrumentation}",
  journal = {\aj},
archivePrefix = "arXiv",
   eprint = {1710.05226},
 primaryClass = "astro-ph.IM",
 keywords = {instrumentation: polarimeters, instrumentation: spectrographs, methods: numerical, telescopes },
     year = 2017,
    month = dec,
   volume = 154,
      eid = {243},
    pages = {243},
      doi = {10.3847/1538-3881/aa943b},
   adsurl = {http://adsabs.harvard.edu/abs/2017AJ....154..243G},
  adsnote = {Provided by the SAO/NASA Astrophysics Data System}
}

@ARTICLE{2016arXiv161003159M,
   author = {{Muna}, D. and {Alexander}, M. and {Allen}, A. and {Ashley}, R. and
	{Asmus}, D. and {Azzollini}, R. and {Bannister}, M. and {Beaton}, R. and
	{Benson}, A. and {Berriman}, G.~B. and {Bilicki}, M. and {Boyce}, P. and
	{Bridge}, J. and {Cami}, J. and {Cangi}, E. and {Chen}, X. and
	{Christiny}, N. and {Clark}, C. and {Collins}, M. and {Comparat}, J. and
	{Cook}, N. and {Croton}, D. and {Delberth Davids}, I. and {Depagne}, {\'E}. and
	{Donor}, J. and {dos Santos}, L.~A. and {Douglas}, S. and {Du}, A. and
	{Durbin}, M. and {Erb}, D. and {Faes}, D. and {Fern{\'a}ndez-Trincado}, J.~G. and
	{Foley}, A. and {Fotopoulou}, S. and {Frimann}, S. and {Frinchaboy}, P. and
	{Garcia-Dias}, R. and {Gawryszczak}, A. and {George}, E. and
	{Gonzalez}, S. and {Gordon}, K. and {Gorgone}, N. and {Gosmeyer}, C. and
	{Grasha}, K. and {Greenfield}, P. and {Grellmann}, R. and {Guillochon}, J. and
	{Gurwell}, M. and {Haas}, M. and {Hagen}, A. and {Haggard}, D. and
	{Haines}, T. and {Hall}, P. and {Hellwing}, W. and {Herenz}, E.~C. and
	{Hinton}, S. and {Hlozek}, R. and {Hoffman}, J. and {Holman}, D. and
	{Holwerda}, B.~W. and {Horton}, A. and {Hummels}, C. and {Jacobs}, D. and
	{Juel Jensen}, J. and {Jones}, D. and {Karick}, A. and {Kelley}, L. and
	{Kenworthy}, M. and {Kitchener}, B. and {Klaes}, D. and {Kohn}, S. and
	{Konorski}, P. and {Krawczyk}, C. and {Kuehn}, K. and {Kuutma}, T. and
	{Lam}, M.~T. and {Lane}, R. and {Liske}, J. and {Lopez-Camara}, D. and
	{Mack}, K. and {Mangham}, S. and {Mao}, Q. and {Marsh}, D.~J.~E. and
	{Mateu}, C. and {Maurin}, L. and {McCormac}, J. and {Momcheva}, I. and
	{Monteiro}, H. and {Mueller}, M. and {Munoz}, R. and {Naidu}, R. and
	{Nelson}, N. and {Nitschelm}, C. and {North}, C. and {Nunez-Iglesias}, J. and
	{Ogaz}, S. and {Owen}, R. and {Parejko}, J. and {Patr{\'{\i}}cio}, V. and
	{Pepper}, J. and {Perrin}, M. and {Pickering}, T. and {Piscionere}, J. and
	{Pogge}, R. and {Poleski}, R. and {Pourtsidou}, A. and {Price-Whelan}, A.~M. and
	{Rawls}, M.~L. and {Read}, S. and {Rees}, G. and {Rein}, H. and
	{Rice}, T. and {Riemer-S{\o}rensen}, S. and {Rusomarov}, N. and
	{Sanchez}, S.~F. and {Santander-Garc{\'{\i}}a}, M. and {Sarid}, G. and
	{Schoenell}, W. and {Scholz}, A. and {Schuhmann}, R.~L. and
	{Schuster}, W. and {Scicluna}, P. and {Seidel}, M. and {Shao}, L. and
	{Sharma}, P. and {Shulevski}, A. and {Shupe}, D. and {Sif{\'o}n}, C. and
	{Simmons}, B. and {Sinha}, M. and {Skillen}, I. and {Soergel}, B. and
	{Spriggs}, T. and {Srinivasan}, S. and {Stevens}, A. and {Streicher}, O. and
	{Suchyta}, E. and {Tan}, J. and {Telford}, O.~G. and {Thomas}, R. and
	{Tonini}, C. and {Tremblay}, G. and {Tuttle}, S. and {Urrutia}, T. and
	{Vaughan}, S. and {Verdugo}, M. and {Wagner}, A. and {Walawender}, J. and
	{Wetzel}, A. and {Willett}, K. and {Williams}, P.~K.~G. and
	{Yang}, G. and {Zhu}, G. and {Zonca}, A.},
    title = "{The Astropy Problem}",
  journal = {ArXiv e-prints},
archivePrefix = "arXiv",
   eprint = {1610.03159},
 primaryClass = "astro-ph.IM",
 keywords = {Astrophysics - Instrumentation and Methods for Astrophysics, Physics - Physics and Society},
     year = 2016,
    month = oct,
   adsurl = {http://adsabs.harvard.edu/abs/2016arXiv161003159M},
  adsnote = {Provided by the SAO/NASA Astrophysics Data System}
}
@MISC{pyspeckit,
   author = {{Ginsburg}, A. and {Mirocha}, J.},
    title = "{PySpecKit: Python Spectroscopic Toolkit}",
 keywords = {Software},
howpublished = {Astrophysics Source Code Library},
     year = 2011,
    month = sep,
archivePrefix = "ascl",
   eprint = {1109.001},
   adsurl = {http://adsabs.harvard.edu/abs/2011ascl.soft09001G},
  adsnote = {Provided by the SAO/NASA Astrophysics Data System}
}
@INPROCEEDINGS{sherpa,
   author = {{Doe}, S. and {Nguyen}, D. and {Stawarz}, C. and {Refsdal}, B. and
	{Siemiginowska}, A. and {Burke}, D. and {Evans}, I. and {Evans}, J. and
	{McDowell}, J. and {Houck}, J. and {Nowak}, M.},
    title = "{Developing Sherpa with Python}",
booktitle = {Astronomical Data Analysis Software and Systems XVI},
     year = 2007,
   series = {Astronomical Society of the Pacific Conference Series},
   volume = 376,
   editor = "{R.~A.~Shaw, F.~Hill, \& D.~J.~Bell}",
    month = oct,
    pages = {543},
   adsurl = {http://adsabs.harvard.edu/abs/2007ASPC..376..543D},
  adsnote = {Provided by the SAO/NASA Astrophysics Data System}
}

@inproceedings{skyserver,
 author = {Szalay, Alexander S. and Gray, Jim and Thakar, Ani R. and Kunszt, Peter Z. and Malik, Tanu and Raddick, Jordan and Stoughton, Christopher and vandenBerg, Jan},
 title = {The SDSS Skyserver: Public Access to the Sloan Digital Sky Server Data},
 booktitle = {Proceedings of the 2002 ACM SIGMOD International Conference on Management of Data},
 series = {SIGMOD '02},
 year = {2002},
 isbn = {1-58113-497-5},
 location = {Madison, Wisconsin},
 pages = {570--581},
 numpages = {12},
 url = {http://doi.acm.org/10.1145/564691.564758},
 doi = {10.1145/564691.564758},
 acmid = {564758},
 publisher = {ACM},
 address = {New York, NY, USA},
}

@misc{poliastro,
  author       = {Juan Luis Cano Rodríguez and
                  Antonio Hidalgo and
                  Alberto Lorenzo Márquez and
                  Pablo Rodríguez Robles and
                  Matt Rossman and
                  Zac Miller and
                  Roshan Jossey and
                  Philippe Ombredanne and
                  MiguelHB and
                  Jorge Cañardo Alastuey and
                  Fran Navarro},
  title        = {{poliastro/poliastro: poliastro 0.8.0 (OSCW
                   edition)}},
  month        = nov,
  year         = 2017,
  doi          = {10.5281/zenodo.1058988},
  url          = {https://doi.org/10.5281/zenodo.1058988}
}


@INPROCEEDINGS{astroML_conf,
  author={{Vanderplas}, J.T. and {Connolly}, A.J.
          and {Ivezi{\'c}}, {\v Z}. and {Gray}, A.},
  booktitle={Conference on Intelligent Data Understanding (CIDU)},
  title={Introduction to astroML: Machine learning for astrophysics},
  month={oct.},
  pages={47 -54},
  doi={10.1109/CIDU.2012.6382200},
  year={2012}
}

@BOOK{astroML_book,
  title={Statistics, Data Mining and Machine Learning in Astronomy},
  author={{Ivezi{\'c}}, {\v Z}. and {Connolly}, A.J.
          and {Vanderplas}, J.T. and {Gray}, A.},
  publisher={Princeton University Press},
  location={Princeton, NJ},
  year={2014}
}

@misc{linetools,
  author       = {J. Xavier Prochaska and
                  Nicolas Tejos and
                  Neil Crighton and
                  jnburchett and
                  tiffanyhsyu and
                  Tuo-Ji and
                  marijana777 and
                  ktirimba and
                  jhennawi and
                  Ryan Cooke and
                  John O'Meara and
                  Jessica Werk},
  title        = {linetools/linetools: Third Minor Release},
  month        = oct,
  year         = 2017,
  doi          = {10.5281/zenodo.1036773},
  url          = {https://doi.org/10.5281/zenodo.1036773}
}

@MISC{stingray,
   author = {{Huppenkothen}, D. and {Bachetti}, M. and {Stevens}, A.~L. and
	{Migliari}, S. and {Balm}, P.},
    title = "{Stingray: Spectral-timing software}",
 keywords = {Software},
howpublished = {Astrophysics Source Code Library},
     year = 2016,
    month = aug,
archivePrefix = "ascl",
   eprint = {1608.001},
   adsurl = {http://adsabs.harvard.edu/abs/2016ascl.soft08001H},
  adsnote = {Provided by the SAO/NASA Astrophysics Data System}
}

@MISC{hendrics,
   author = {{Bachetti}, M.},
    title = "{MaLTPyNT: Quick look timing analysis for NuSTAR data}",
 keywords = {Software},
howpublished = {Astrophysics Source Code Library},
     year = 2015,
    month = feb,
archivePrefix = "ascl",
   eprint = {1502.021},
   adsurl = {http://adsabs.harvard.edu/abs/2015ascl.soft02021B},
  adsnote = {Provided by the SAO/NASA Astrophysics Data System}
}

@misc{omnifit,
  author       = {Aleksi Suutarinen},
  title        = {omnifit: v0.2.1},
  month        = dec,
  year         = 2015,
  doi          = {10.5281/zenodo.35536},
  url          = {https://doi.org/10.5281/zenodo.35536}
}

@MISC{synphot,
  author = {{Lim}, P. L., et al},
  title = "{synphot User's Guide (Baltimore, MD: STScI)}",
  howpublished = {\url{https://synphot.readthedocs.io/en/latest/}},
  year = 2016,
}


@misc{reproject,
  author       = {Robitaille, Thomas},
  title        = {{reproject: astronomical image reprojection in
                   Python}},
  month        = jan,
  year         = 2018,
  doi          = {10.5281/zenodo.1162674},
  url          = {https://doi.org/10.5281/zenodo.1162674}
}


@misc{astropy-ci,
  author = {B. Sipocz},
  howpublished = {\url{https://github.com/astropy/astropy-v2.0-paper/issues/156}},
  year = 2018,
  month = mar,
  note = {Accessed: 2018-03-11}
}


% Still missing affiliate references, use the github url until something better comes up

% hips

@MISC{hips,
  author = {hips developers},
  title = "{hips -- Python library to handle HiPS data}",
  howpublished = {\url{https://github.com/hipspy/hips}},
  year = 2018,
}

% pyregions

@MISC{pyregions,
  author = {pyregions developers},
  title = "{regions -- ds9 region parser for python}",
  howpublished = {\url{https://github.com/astropy/pyregions}},
  year = 2018,
}

% pyvo, there will be a newer reference, e.g. the zenodo entry is on its way

@MISC{pyvo,
   author = {{Graham}, M. and {Plante}, R. and {Tody}, D. and {Fitzpatrick}, M.
	},
    title = "{PyVO: Python access to the Virtual Observatory}",
 keywords = {Software },
howpublished = {Astrophysics Source Code Library},
     year = 2014,
    month = feb,
archivePrefix = "ascl",
   eprint = {1402.004},
   adsurl = {http://adsabs.harvard.edu/abs/2014ascl.soft02004G},
  adsnote = {Provided by the SAO/NASA Astrophysics Data System}
}

% regions

@MISC{regions,
  author = {regions developers},
  title = "{regions -- Astropy affiliated package for region handling}",
  howpublished = {\url{https://github.com/astropy/regions}},
  year = 2018,
}

% specutils

@MISC{specutils,
  author = {specutils developers},
  title = "{specutils -- Affiliated package for 1D spectral operations}",
  howpublished = {\url{https://github.com/astropy/specutils}},
  year = 2018,
}

% spherical-geometry

@MISC{sphericalgeometry,
  author = {spherical-geometry developers},
  title = "{spherical-geometry -- Python based tools for spherical geometry}",
  howpublished = {\url{https://github.com/spacetelescope/spherical_geometry}},
  year = 2018,
}